@electronic{codepages,
  author = {{Microsoft}},
  editor = {{Microsoft Developer Network}},
  title = {{Code Pages}},
  url = {{http://msdn.microsoft.com/en-us/library/dd317752.aspx}},
  note = {{14.08.2014}},
}
@electronic{unicodeinlinux,
  author = {{Michał Kosmulski}},
  editor = {{Michał Kosmulski}},
  title = {{Introduction to Unicode — Using Unicode in Linux}},
  url = {{http://michal.kosmulski.org/computing/articles/linux-unicode.html}},
  note = {{14.08.2014}},
}
@electronic{notepadproblem,
  author = {{Chen, Raymond}},
  editor = {{MSDN  Technet}},
  title = {{The Notepad file encoding problem}},
  url = {{http://blogs.msdn.com/b/oldnewthing/archive/2007/04/17/2158334.aspx}},
  note = {{14.08.2014}},
}
@electronic{utf8faq,
  author = {{Kuhn, Markus}},
  editor = {{Kuhn, Markus}},
  title = {{UTF-8 and Unicode FAQ for Unix/Linux}},
  url = {{http://www.cl.cam.ac.uk/~mgk25/unicode.html}},
  note = {{14.08.2014}},
}
@electronic{vim,
  author = {Vim},
  editor = {Vim},
  title = {{Vim the editor}},
  url = {{http://www.vim.org/}},
  note = {{27.08.2014}},
}
@electronic{gentoo,
  author = {gentoo linux},
  editor = {gentoo linux},
  title = {{gentoo linux}},
  url = {{https://www.gentoo.org/}},
  note = {{27.08.2014}},
}
@electronic{xelatex,
  author = {XeLaTeX},
  editor = {XeLaTeX},
  title = {{The XeLaTeX wiki/resource main page}},
  url = {{http://www.xelatex.org/}},
  note = {{27.08.2014}},
}
@electronic{noto,
  author = {},
  editor = {{Google}},
  title = {{Beautiful and free fonts for all languages}},
  url = {{https://www.google.com/get/noto}},
  note = {{27.08.2014}},
}
@electronic{latexasciitable,
  author = {},
  editor = {{Undertec Blog}},
  title = {{ASCII - Tabelle f\"ur LaTeX}},
  url = {{http://www.undertec.de/blog/2008/12/ascii-tabelle-fur-latex.html}},
  note = {{27.08.2014}},
}
@electronic{wikipediautf8table,
  author = {},
  editor = {{Wikimedia Foundation, Inc.}},
  title = {{UTF-8}},
  url = {{http://en.wikipedia.org/wiki/Utf8}},
  note = {{27.08.2014}},
}
@electronic{multibytetowidechar,
  author = {},
  editor = {{Microsoft Developer Network}},
  title = {{MultiByteToWideChar function}},
  url = {{http://msdn.microsoft.com/en-us/library/windows/desktop/dd319072(v=vs.85).aspx}},
  note = {{27.08.2014}},
}
@electronic{widechartomultibyte,
  author = {},
  editor = {{Microsoft Developer Network}},
  title = {{WideCharToMultiByte function}},
  url = {{http://msdn.microsoft.com/en-us/library/windows/desktop/dd374130(v=vs.85).aspx}},
  note = {{27.08.2014}},
}
@electronic{icu,
  author = {},
  editor = {{ICU project}},
  title = {{ICU - International Components for Unicode}},
  url = {{http://site.icu-project.org/}},
  note = {{27.08.2014}},
}
@electronic{gmailprotectglobal,
  author = {Mark Risher},
  editor = {{Google Security Blog}},
  title = {{Protecting Gmail in a global world}},
  url = {{http://googleonlinesecurity.blogspot.com.au/2014/08/protecting-gmail-in-global-world.html}},
  note = {{27.08.2014}},
}
@electronic{gmailglobal,
  author = {Chaparro Monferrer, Pedro},
  editor = {{Google Blog}},
  title = {{A first step toward more global email}},
  url = {{http://googleblog.blogspot.com.au/2014/08/a-first-step-toward-more-global-email.html}},
  note = {{14.08.2014}},
}
@electronic{brandle1999ascii,
  author = {Brandle, Mary},
  editor = {{Cable News Network}},
  title = {{1963: The debut of ASCII}},
  url = {{http://edition.cnn.com/TECH/computing/9907/06/1963.idg/}},
  note = {{14.08.2014}},
}
@electronic{summarynarrative,
  author = {},
  editor = {{The Unicode Consortium}},
  title = {{Summary Narrative}},
  url = {{http://www.unicode.org/history/summary.html}},
  note = {{16.08.2014}},
}
@electronic{unicodeproglang,
  author = {},
  editor = {{Stack Overflow}},
  title = {{Unicode Support in Various Programming Languages}},
  url = {{http://stackoverflow.com/questions/1036585/unicode-support-in-various-programming-languages}},
  note = {{16.08.2014}},
}
@electronic{bushhidthefacts,
  author = {Brett M. Christensen},
  editor = {{Hoax-Slayer}},
  title = {{Bush Hid The Facts - Notepad Conspiracy Claim}},
  url = {{http://www.hoax-slayer.com/bush-hid-the-facts-notepad.html}},
  note = {{28.08.2014}},
}
@electronic{unicode7release,
  author = {},
  editor = {{The Unicode Consortium}},
  title = {{Unicode 7.0.0}},
  url = {{http://www.unicode.org/versions/Unicode7.0.0/}},
  note = {{28.08.2014}},
}
@book{haralambous2007fonts,
  title={{Fonts \& Encodings}},
  author={{Haralambous, Y. and Horne, P.S.}},
  isbn={{9780596102425}},
  lccn={{2009278406}},
  series={{O'Reilly Series}},
  url={{http://books.google.com.au/books?id=qrElYgVLDwYC}},
  year={{2007}},
  publisher={{O'Reilly Media}}
}
@book{korpela2006unicode,
  title={{Unicode Explained}},
  author={{Korpela, J.}},
  isbn={{9780596101213}},
  lccn={{2007270121}},
  series={{Internationalize documents, programs, and web sites}},
  url={{http://books.google.com.au/books?id=PcWU2yxc8WkC}},
  year={{2006}},
  publisher={{O'Reilly Media}}
}
@book{lunde1999cjkv,
  title={{CJKV Information Processing: Chinese, Japanese, Korean \& Vietnamese Computing}},
  author={{Lunde, K.}},
  isbn={{9781565922242}},
  lccn={{00700462}},
  series={{Animal Series}},
  url={{http://books.google.com.au/books?id=htlttpi1KOoC}},
  year={{1999}},
  publisher={{O'Reilly Media}}
}
@book{gillam2003unicode,
  title={{Unicode Demystified: A Practical Programmer's Guide to the Encoding Standard}},
  author={{Gillam, R.}},
  isbn={{9780201700527}},
  lccn={{2002018544}},
  url={{http://books.google.com.au/books?id=KZJQAAAAMAAJ}},
  year={{2003}},
  publisher={{Addison-Wesley}}
}
@book{aliprand2003unicode,
  title={{The Unicode Standard, Version 4.0: The Unicode Consortium}},
  author={{Aliprand, J.}},
  isbn={{9780321185785}},
  lccn={{2003052158}},
  url={{http://books.google.com.au/books?id=H6VzQgAACAAJ}},
  year={{2003}},
  publisher={{Addison-Wesley}}
}
